@article{vanDerMaaten2008,
  added-at = {2015-06-19T12:07:15.000+0200},
  author = {van der Maaten, Laurens and Hinton, Geoffrey},
  biburl = {https://www.bibsonomy.org/bibtex/28b9aebb404ad4a4c6a436ea413550b30/lopusz_kdd},
  interhash = {370ba8b9e1909b61880a6f47c93bcd49},
  intrahash = {8b9aebb404ad4a4c6a436ea413550b30},
  journal = {Journal of Machine Learning Research},
  keywords = {dimensionality_reduction tSNE visualization},
  pages = {2579--2605},
  timestamp = {2015-08-19T15:19:11.000+0200},
  title = {Visualizing Data using {t-SNE} },
  url = {http://www.jmlr.org/papers/v9/vandermaaten08a.html},
  volume = 9,
  year = 2008
}

@article{journals/jmlr/Maaten14,
  added-at = {2019-07-10T00:00:00.000+0200},
  author = {van der Maaten, Laurens},
  biburl = {https://www.bibsonomy.org/bibtex/255fbc0e01b12c7b2293d6e45b55dc680/dblp},
  ee = {http://dl.acm.org/citation.cfm?id=2697068},
  interhash = {b40e911bfb8fcdb4dbd02b3ec2e954b7},
  intrahash = {55fbc0e01b12c7b2293d6e45b55dc680},
  journal = {J. Mach. Learn. Res.},
  keywords = {dblp},
  number = 1,
  pages = {3221-3245},
  timestamp = {2019-07-11T11:40:03.000+0200},
  title = {Accelerating {t-SNE} using tree-based algorithms.},
  url = {http://dblp.uni-trier.de/db/journals/jmlr/jmlr15.html#Maaten14},
  volume = 15,
  year = 2014
}

@misc{Maaten13:online,
    author = {van der Maaten, Laurens},
    title = {Visualizing Data Using {t-SNE}},
    howpublished = {Online at \url{https://www.youtube.com/watch?v=RJVL80Gg3lA}},
    month = {June},
    year = {2013},
    note = {(Accessed on 05/18/2020)}
}
